% BibTeX bibliography
%
% Most of these were very helpfully generated by <https://citation.crosscite.org/>

@misc { GlobalImpact,
    title = {The global impact of respiratory disease -- Third edition},
	url = {http://www.firsnet.org/images/publications/FIRS_Master_09202021.pdf},
	publisher = {European Respiratory Society},
	author = {{\relax Forum of International Respiratory Societies}},
	year = {2021},
}

@misc { FoyEtAl2017,
	title={Modelling responses of the inert-gas washout and MRI to bronchoconstriction},
	volume={235},
	url={http://dx.doi.org/10.1016/j.resp.2016.09.009},
	DOI={10.1016/j.resp.2016.09.009},
	journal={Respiratory Physiology \& Neurobiology},
	publisher={Elsevier BV},
	author={Foy, Brody H. and Kay, David and Bordas, Rafel},
	year={2017},
	month={Jan},
	pages={8–17},
	language={en},
}

@misc{ OchsEtAl2004,
    title={The Number of Alveoli in the Human Lung},
    volume={169},
    url={http://dx.doi.org/10.1164/rccm.200308-1107oc},
    DOI={10.1164/rccm.200308-1107oc},
    number={1},
    journal={American Journal of Respiratory and Critical Care Medicine},
    publisher={American Thoracic Society},
    author={Ochs, Matthias and Nyengaard, Jens R. and Jung, Anja and Knudsen, Lars and Voigt, Marion and Wahlers, Thorsten and Richter, Joachim and Gundersen, Hans Jørgen G.},
    year={2004},
    month={Jan},
    pages={120–124},
}

@misc{ HaefeliBleuerWeibel1988,
    title={Morphometry of the human pulmonary acinus},
    volume={220},
    url={http://dx.doi.org/10.1002/ar.1092200410},
    DOI={10.1002/ar.1092200410},
    number={4},
    journal={The Anatomical Record},
    publisher={Wiley},
    author={Haefeli-Bleuer, Beatrice and Weibel, Ewald R.},
    year={1988},
    month={Apr},
    pages={401–414},
}

@misc{ Thurlbeck1972,
    title={Number of alveoli in the human lung.},
    volume={32},
    url={http://dx.doi.org/10.1152/jappl.1972.32.4.483},
    DOI={10.1152/jappl.1972.32.4.483},
    number={4},
    journal={Journal of Applied Physiology},
    publisher={American Physiological Society},
    author={Angus, G E and Thurlbeck, W M},
    year={1972},
    month={Apr},
    pages={483–485},
}

@misc{ Thurlbeck1982,
    title={Postnatal human lung growth.},
    volume={37},
    url={http://dx.doi.org/10.1136/thx.37.8.564},
    DOI={10.1136/thx.37.8.564},
    number={8},
    journal={Thorax},
    publisher={BMJ},
    author={Thurlbeck, W M},
    year={1982},
    month={Aug},
    pages={564–571},
}

@misc{ WeibelEtAl2005,
    title={Design of peripheral airways for efficient gas exchange},
    volume={148},
    url={http://dx.doi.org/10.1016/j.resp.2005.03.005},
    DOI={10.1016/j.resp.2005.03.005},
    number={1–2},
    journal={Respiratory Physiology \& Neurobiology},
    publisher={Elsevier BV},
    author={Weibel, Ewald R. and Sapoval, Bernard and Filoche, Marcel},
    year={2005},
    month={Aug},
    pages={3–21},
}

@misc{ StatpearlsTidalVolume,
    title={Physiology, Tidal Volume},
    author={Hallett S, Toro F, Ashurst JV},
    year={2022},
    month={Jan},
    url={https://www.ncbi.nlm.nih.gov/books/NBK482502/},
    booktitle={Statpearls [Internet]},
    publisher={Treasure Island (FL): StatPearls Publishing},
}

@misc{ NederEtAl1999,
    title={Reference values for lung function tests: I. Static volumes},
    volume={32},
    url={http://dx.doi.org/10.1590/S0100-879X1999000600006},
    DOI={10.1590/s0100-879x1999000600006},
    number={6},
    journal={Brazilian Journal of Medical and Biological Research},
    publisher={FapUNIFESP (SciELO)},
    author={Neder, J.A. and Andreoni, S. and Castelo-Filho, A. and Nery, L.E.},
    year={1999},
    month={Jun},
    pages={703–717},
}

@misc{ KamelEtAl2009,
    title={In vivo and in vitro morphometry of the human trachea},
    volume={22},
    url={http://dx.doi.org/10.1002/ca.20815},
    DOI={10.1002/ca.20815},
    number={5},
    journal={Clinical Anatomy},
    publisher={Wiley},
    author={Kamel, Kirollos Salah and Lau, Gabriel and Stringer, Mark D.},
    year={2009},
    month={Jul},
    pages={571–579},
}

@misc{ Hoffstein1986,
    title={Relationship between Lung Volume, Maximal Expiratory Flow, Forced Expiratory Volume in One Second, and Tracheal Area in Normal Men and Women},
    volume={134},
    url={http://dx.doi.org/10.1164/arrd.1986.134.5.956},
    DOI={10.1164/arrd.1986.134.5.956},
    number={5},
    journal={American Review of Respiratory Disease},
    publisher={American Thoracic Society},
    author={Hoffstein, V.},
    year={1986},
    month={Nov},
    pages={956–961},
}

@misc{ SheelEtAl2009,
    title={Evidence for dysanapsis using computed tomographic imaging of the airways in older ex-smokers},
    volume={107},
    url={http://dx.doi.org/10.1152/japplphysiol.00562.2009},
    DOI={10.1152/japplphysiol.00562.2009},
    number={5},
    journal={Journal of Applied Physiology},
    publisher={American Physiological Society},
    author={Sheel, A. William and Guenette, Jordan A. and Yuan, Ren and Holy, Lukas and Mayo, John R. and McWilliams, Annette M. and Lam, Stephen and Coxson, Harvey O.},
    year={2009},
    month={Nov},
    pages={1622–1628},
}

@misc{ BenTal2006,
    title={Simplified models for gas exchange in the human lungs},
    volume={238},
    url={http://dx.doi.org/10.1016/j.jtbi.2005.06.005},
    DOI={10.1016/j.jtbi.2005.06.005},
    number={2},
    journal={Journal of Theoretical Biology},
    publisher={Elsevier BV},
    author={Ben-Tal, Alona},
    year={2006},
    month={Jan},
    pages={474–495},
}

@misc{ PedleyEtAl1970a,
    title={Energy losses and pressure drop in models of human airways},
    volume={9},
    url={http://dx.doi.org/10.1016/0034-5687(70)90093-9},
    DOI={10.1016/0034-5687(70)90093-9},
    number={3},
    journal={Respiration Physiology},
    publisher={Elsevier BV},
    author={Pedley, T.J. and Schroter, R.C. and Sudlow, M.F.},
    year={1970},
    month={Jun},
    pages={371–386},
    language={en},
}

@misc{ PedleyEtAl1970b,
    title={The prediction of pressure drop and variation of resistance within the human bronchial airways},
    volume={9},
    url={http://dx.doi.org/10.1016/0034-5687(70)90094-0},
    DOI={10.1016/0034-5687(70)90094-0},
    number={3},
    journal={Respiration Physiology},
    publisher={Elsevier BV},
    author={Pedley, T.J. and Schroter, R.C. and Sudlow, M.F.},
    year={1970},
    month={Jun},
    pages={387–405},
    language={en},
}

@misc{ Paiva1974,
	title={Gaseous diffusion in an alveolar duct simulated by a digital computer},
	volume={7},
	url={http://dx.doi.org/10.1016/0010-4809(74)90030-5},
	DOI={10.1016/0010-4809(74)90030-5},
	number={6},
	journal={Computers and Biomedical Research},
	publisher={Elsevier BV},
	author={Paiva, Manuel},
	year={1974},
	month={Dec},
	pages={533–543},
	language={en},
}

@misc{ ParraRoblesEtAl2010,
	title={Experimental investigation and numerical simulation of 3He gas diffusion in simple geometries: Implications for analytical models of 3He MR lung morphometry},
	volume={204},
	url={http://dx.doi.org/10.1016/j.jmr.2010.02.023},
	DOI={10.1016/j.jmr.2010.02.023},
	number={2},
	journal={Journal of Magnetic Resonance},
	publisher={Elsevier BV},
	author={Parra-Robles, J. and Ajraoui, S. and Deppe, M.H. and Parnell, S.R. and Wild, J.M.},
	year={2010},
	month={Jun},
	pages={228–238},
	language={en},
}

@misc{ 
	VerbanckEtAl1990,
	title={Model simulations of gas mixing and ventilation distribution in the human lung},
	volume={69}, url={http://dx.doi.org/10.1152/jappl.1990.69.6.2269},
	DOI={10.1152/jappl.1990.69.6.2269},
	number={6},
	journal={Journal of Applied Physiology},
	publisher={American Physiological Society},
	author={Verbanck, S. and Paiva, M.},
	year={1990},
	month={Dec},
	pages={2269–2279},
	language={en},
}

@misc{ HenryEtAl2012,
	title={Numerical Modelling and Analysis of Peripheral Airway Asymmetry and Ventilation in the Human Adult Lung},
	volume={134},
	url={http://dx.doi.org/10.1115/1.4006809},
	DOI={10.1115/1.4006809},
	number={6},
	journal={Journal of Biomechanical Engineering},
	publisher={ASME International},
	author={Henry, F. S. and Llapur, C. J. and Tsuda, A. and Tepper, R. S.},
	year={2012},
	month={Jun},
	language={en},
}

@misc{ TawhaiHunter2001,
	title={Multibreath washout analysis: modelling the influence of conducting airway asymmetry},
	volume={127},
	url={http://dx.doi.org/10.1016/s0034-5687(01)00239-0},
	DOI={10.1016/s0034-5687(01)00239-0},
	number={2–3},
	journal={Respiration Physiology},
	publisher={Elsevier BV},
	author={Tawhai, Merryn Howatson and Hunter, Peter J},
	year={2001},
	month={Sep},
	pages={249–258},
	language={en},
}

@book{ Weibel1963,
	title={Morphometry of the human lung},
	author={Weibel, Ewald R},
	publisher={Springer},
	edition={1963},
	month={dec},
	year={2013},
	address={Berlin, Germany},
	language={en}
}

@article{ SuoEtAl2021,
    title={Machine Learning for Mechanical Ventilation Control},
    url={https://arxiv.org/abs/2102.06779},
    DOI={10.48550/ARXIV.2102.06779},
    publisher={arXiv},
    author={Suo, Daniel and Agarwal, Naman and Xia, Wenhan and Chen, Xinyi and Ghai, Udaya and Yu, Alexander and Gradu, Paula and Singh, Karan and Zhang, Cyril and Minasyan, Edgar and LaChance, Julienne and Zajdel, Tom and Schottdorf, Manuel and Cohen, Daniel and Hazan, Elad},
    year={2021},
}
